@misc{geeksforgeeks_pbft,
  author       = {GeeksforGeeks},
  title        = {Practical Byzantine Fault Tolerance (PBFT)},
  howpublished = {\url{https://www.geeksforgeeks.org/practical-byzantine-fault-tolerancepbft/}},
  note         = {Ãšltimo acceso: 22 de noviembre de 2024}
}

@inproceedings{castro_liskov_1999,
  author       = {Miguel Castro and Barbara Liskov},
  title        = {Practical Byzantine Fault Tolerance},
  booktitle    = {Proceedings of the 3rd Symposium on Operating Systems Design and Implementation (OSDI)},
  year         = {1999},
  publisher    = {USENIX Association},
  address      = {New Orleans, LA, USA},
  url          = {https://pmg.csail.mit.edu/papers/osdi99.pdf}
}
